@article{hendrycks2018robustness,
    title = {Benchmarking Neural Network Robustness to Common Corruptions and Surface Variations},
    author = {Dan Hendrycks and Thomas Dietterich},
    journal = {arXiv preprint arXiv:1807.01697},
    year = {2018}
}