@article{Hendrycks2018,
    title = {{Benchmarking Neural Network Robustness to Common Corruptions and Surface Variations}},
    year = {2019},
    journal = {Proceedings of the International Conference on Learning Representations},
    author = {Hendrycks, Dan and Dietterich, Thomas G.},
    month = {7},
    arxivId = {1807.01697},
    keywords = {animals, classification, deep learning, earth and nature, image, multiclass classification}
}

@article{Mirza2014,
    title = {{Conditional Generative Adversarial Nets}},
    year = {2014},
    journal = {NIPS Deep Learning and Representation Learning Workshop},
    author = {Mirza, Mehdi and Osindero, Simon},
    url = {https://arxiv.org/abs/1411.1784},
    arxivId = {1411.1784v1}
}

@misc{BrownleeCGAN,
    title = {{How to Develop a Conditional GAN (cGAN) From Scratch - MachineLearningMastery.com}},
    year = {2019},
    booktitle = {Generative Adversarial Networks},
    author = {Brownlee, Jason},
    month = {7},
    url = {https://machinelearningmastery.com/how-to-develop-a-conditional-generative-adversarial-network-from-scratch/}
}

@misc{BrownleeGAN,
    title = {{How to Develop a GAN to Generate CIFAR10 Small Color Photographs - MachineLearningMastery.com}},
    year = {2019},
    booktitle = {Generative Adversarial Networks},
    author = {Brownlee, Jason},
    month = {7},
    url = {https://machinelearningmastery.com/how-to-develop-a-generative-adversarial-network-for-a-cifar-10-small-object-photographs-from-scratch/}
}

@misc{Icons50,
    title = {{Icons-50 | Kaggle}},
    year = {2018},
    author = {Hendrycks, Dan},
    url = {https://www.kaggle.com/datasets/danhendrycks/icons50}
}

@article{Loey2020AImages,
    title = {{A deep transfer learning model with classical data augmentation and CGAN to detect COVID-19 from chest CT radiography digital images}},
    year = {2020},
    journal = {Neural Computing and Applications},
    author = {Loey, Mohamed and Manogaran, Gunasekaran and Khalifa, Nour Eldeen M.},
    month = {10},
    pages = {1--13},
    publisher = {Springer Science and Business Media Deutschland GmbH},
    url = {https://link.springer.com/article/10.1007/s00521-020-05437-x},
    doi = {10.1007/S00521-020-05437-X/TABLES/6},
    issn = {14333058},
    keywords = {CGAN, COVID-19, Deep transfer learning, SARS-CoV-2}
}

@article{Liu2021SCCGAN:CGAN,
    title = {{SCCGAN: Style and Characters Inpainting Based on CGAN}},
    year = {2021},
    journal = {Mobile Networks and Applications},
    author = {Liu, Ruijun and Wang, Xiangshang and Lu, Huimin and Wu, Zhaohui and Fan, Qian and Li, Shanxi and Jin, Xin},
    number = {1},
    month = {2},
    pages = {3--12},
    volume = {26},
    publisher = {Springer},
    url = {https://link.springer.com/article/10.1007/s11036-020-01717-x},
    doi = {10.1007/S11036-020-01717-X/TABLES/1},
    issn = {15728153},
    keywords = {CGAN, Content loss, Image inpainting, Style loss, U-net}
}

@article{Ma2018SpeckleCGAN,
    title = {{Speckle noise reduction in optical coherence tomography images based on edge-sensitive cGAN}},
    year = {2018},
    journal = {Biomedical Optics Express, Vol. 9, Issue 11, pp. 5129-5146},
    author = {Ma, Yuhui and Cheng, Xuena and Xiang, Dehui and Shi, Fei and Zhu, Weifang and Chen, Xinjian},
    number = {11},
    month = {11},
    pages = {5129--5146},
    volume = {9},
    publisher = {Optica Publishing Group},
    url = {https://opg.optica.org/boe/fulltext.cfm?uri=boe-9-11-5129},
    doi = {10.1364/BOE.9.005129},
    issn = {2156-7085},
    keywords = {Anisotropic diffusion, Image analysis, Image processing algorithms, Image quality, Speckle noise, Speckle reduction}
}